<?xml version="1.0" encoding="UTF-8"?><record xmlns="http://www.loc.gov/MARC21/slim" xmlns:cinclude="http://apache.org/cocoon/include/1.0" xmlns:zs="http://www.loc.gov/zing/srw/">
  <leader>00466nz  a2200133n  4500</leader>
  <controlfield tag="001">n  89600586 </controlfield>
  <controlfield tag="003">DLC</controlfield>
  <controlfield tag="005">19890106111524.2</controlfield>
  <controlfield tag="008">890106n| acannaab|          |n aaa |||  </controlfield>
  <datafield tag="010" ind1=" " ind2=" ">
    <subfield code="a">n  89600586 </subfield>
  </datafield>
  <datafield tag="040" ind1=" " ind2=" ">
    <subfield code="a">DLC</subfield>
    <subfield code="c">DLC</subfield>
  </datafield>
  <datafield tag="100" ind1="1" ind2="0">
    <subfield code="a">Nelson, Carnot E.,</subfield>
    <subfield code="d">1941-</subfield>
  </datafield>
  <datafield tag="670" ind1=" " ind2=" ">
    <subfield code="a">nuc88-121692: Hensley, S.E. Reviewing processes in social ... 1980</subfield>
    <subfield code="b">(hdg. on CLSU rept.: Nelson, Carnot E.; usage: Carnot E. Nelson)</subfield>
  </datafield>
  <datafield tag="670" ind1=" " ind2=" ">
    <subfield code="a">LC data base, 1/6/88</subfield>
    <subfield code="b">(hdg.: Nelson, Carnot E., 1941- )</subfield>
  </datafield>
</record>